<?xml version="1.0" encoding="UTF-8"?><collection xmlns="http://www.loc.gov/MARC21/slim"><record><leader>00376nam--2200133-i-4500</leader><controlfield tag="001">000031018</controlfield><controlfield tag="002">20161230</controlfield><controlfield tag="005">20161230201038</controlfield><controlfield tag="008">060222s1000------------r-----000-0-eng-d</controlfield><datafield ind1=" " ind2=" " tag="080"><subfield code="a">539.126:539.176.6:539.131</subfield></datafield><datafield ind1=" " ind2=" " tag="100"><subfield code="a">Lo, S.Y</subfield></datafield><datafield ind1=" " ind2=" " tag="245"><subfield code="a">Selection rule for hadron scatterings</subfield></datafield><datafield ind1=" " ind2=" " tag="260"><subfield code="a">Glasgow, The University, Department Of Natural Philosophy, 1972. 11p</subfield></datafield><datafield ind1=" " ind2=" " tag="852"><subfield code="a">36806</subfield></datafield></record></collection>